@misc{history,
  title  = {Профиль компании},
  url    = {https://www.cloudav.ru/company-profile/},
  editor = {Panda Security SL}
}

@misc{intro,
  author = {unknown},
  title  = {Panda Security SL},
  url    = {https://ru.wikipedia.org/wiki/Panda_Security}
}
